<record><leader>00000cas a2200000 a 4500</leader><controlfield tag="001">1773959</controlfield><controlfield tag="008">751101d18441924meuwr ne      0    0eng c</controlfield><datafield ind1=" " ind2=" " tag="010"><subfield code="a">sn 89071076 </subfield></datafield><datafield ind1=" " ind2=" " tag="040"><subfield code="a">MUL</subfield><subfield code="b">eng</subfield><subfield code="c">MUL</subfield><subfield code="d">NYS</subfield><subfield code="d">CNW</subfield><subfield code="d">MGN</subfield><subfield code="d">MBN</subfield><subfield code="d">CVF</subfield><subfield code="d">OCL</subfield><subfield code="d">MBN</subfield><subfield code="d">OCLCG</subfield><subfield code="d">GUA</subfield><subfield code="d">OCLCQ</subfield><subfield code="d">OCLCF</subfield><subfield code="d">OCLCO</subfield></datafield><datafield ind1="1" ind2=" " tag="029"><subfield code="a">AU@</subfield><subfield code="b">000025869025</subfield></datafield><datafield ind1=" " ind2=" " tag="042"><subfield code="a">pcc</subfield></datafield><datafield ind1=" " ind2=" " tag="043"><subfield code="a">n-us-me</subfield></datafield><datafield ind1="0" ind2="0" tag="245"><subfield code="a">Maine farmer.</subfield></datafield><datafield ind1=" " ind2=" " tag="260"><subfield code="a">Augusta, Me. :</subfield><subfield code="b">Russell Eaton,</subfield><subfield code="c">1844-1924.</subfield></datafield><datafield ind1=" " ind2=" " tag="300"><subfield code="a">v.</subfield></datafield><datafield ind1=" " ind2=" " tag="310"><subfield code="a">Weekly</subfield></datafield><datafield ind1="0" ind2=" " tag="362"><subfield code="a">Vol. 12, no. 1 (Jan. 4, 1844)-v. 72, no. 35 (June 23, 1904) ; 72nd year, no. 36 (June 30, 1904)-92nd year, no. 23 (June 7, 1924).</subfield></datafield><datafield ind1=" " ind2=" " tag="500"><subfield code="a">Publisher: Russell Eaton, 1844-&lt;1865&gt;</subfield></datafield><datafield ind1=" " ind2=" " tag="500"><subfield code="a">Editors: Ezekiel Holmes and S.L. Boardman, &lt;1865&gt;.</subfield></datafield><datafield ind1=" " ind2="0" tag="651"><subfield code="a">Augusta (Me.)</subfield><subfield code="v">Newspapers.</subfield></datafield><datafield ind1=" " ind2="7" tag="655"><subfield code="a">Newspapers.</subfield><subfield code="2">fast</subfield><subfield code="0">(OCoLC)fst01423814</subfield></datafield><datafield ind1=" " ind2="7" tag="651"><subfield code="a">Maine</subfield><subfield code="z">Augusta.</subfield><subfield code="2">fast</subfield><subfield code="0">(OCoLC)fst01209573</subfield></datafield><datafield ind1="1" ind2=" " tag="700"><subfield code="a">Eaton, Russell,</subfield><subfield code="d">1800-1888.</subfield></datafield><datafield ind1="1" ind2=" " tag="700"><subfield code="a">Holmes, Ezekiel,</subfield><subfield code="d">1801-1865.</subfield></datafield><datafield ind1="1" ind2=" " tag="700"><subfield code="a">Boardman, Samuel Lane,</subfield><subfield code="d">1836-1914.</subfield></datafield><datafield ind1=" " ind2=" " tag="752"><subfield code="a">United States</subfield><subfield code="b">Maine</subfield><subfield code="c">Kennebec</subfield><subfield code="d">Augusta.</subfield></datafield><datafield ind1="0" ind2="8" tag="776"><subfield code="i">Online version:</subfield><subfield code="t">Maine farmer (Online)</subfield><subfield code="w">(DLC)  2009233205</subfield><subfield code="w">(OCoLC)50860708</subfield></datafield><datafield ind1="0" ind2="0" tag="780"><subfield code="t">Maine farmer and mechanic's advocate</subfield><subfield code="w">(DLC)sn 84027245</subfield><subfield code="w">(OCoLC)10961560</subfield></datafield><datafield ind1="0" ind2="4" tag="785"><subfield code="t">Portland press herald</subfield><subfield code="w">(DLC)sn 83016029</subfield><subfield code="w">(OCoLC)9341113</subfield></datafield><datafield ind1="4" ind2="1" tag="856"><subfield code="u">http://proquest.umi.com/pqdweb?RQT=318&amp;VName=HNP&amp;pmid=000041788&amp;PageNum=1&amp;TS=1236097436&amp;clientId=30345</subfield></datafield></record>